<record><leader>00000cas a22000007a 4500</leader><controlfield tag="001">17855776</controlfield><controlfield tag="008">880427d18881890lauwr ne      0    0eng d</controlfield><datafield ind1=" " ind2=" " tag="010"><subfield code="a">sn 88064355 </subfield></datafield><datafield ind1=" " ind2=" " tag="040"><subfield code="a">LNP</subfield><subfield code="b">eng</subfield><subfield code="c">LNP</subfield><subfield code="d">OCLCQ</subfield></datafield><datafield ind1=" " ind2=" " tag="042"><subfield code="a">msc</subfield></datafield><datafield ind1="0" ind2="4" tag="245"><subfield code="a">The Richland news.</subfield></datafield><datafield ind1=" " ind2=" " tag="260"><subfield code="a">Rayville, La. :</subfield><subfield code="b">T.N. Rhymes, Stephen Faulk</subfield></datafield><datafield ind1=" " ind2=" " tag="310"><subfield code="a">Weekly</subfield></datafield><datafield ind1="1" ind2=" " tag="362"><subfield code="a">Began in 1888; ceased in 1890.</subfield></datafield><datafield ind1=" " ind2=" " tag="588"><subfield code="a">Description based on: Vol. 1, no. 7 (Jan. 5, 1889).</subfield></datafield><datafield ind1=" " ind2=" " tag="752"><subfield code="a">United States</subfield><subfield code="b">Louisiana</subfield><subfield code="c">Richland</subfield><subfield code="d">Rayville.</subfield></datafield><datafield ind1="0" ind2="7" tag="785"><subfield code="t">Richland beacon</subfield><subfield code="w">(DLC)sn 86079088</subfield></datafield><datafield ind1="0" ind2="7" tag="785"><subfield code="t">Richland beacon-news</subfield><subfield code="w">(DLC)sn 88064356</subfield></datafield></record>